<?xml version="1.0" encoding="UTF-8" ?>
<collection xmlns:xsi="http://www.w3.org/2001/XMLSchema-instance"
    xsi:schemaLocation="http://www.loc.gov/MARC21/slim
        http://www.loc.gov/standards/marcxml/schema/MARC21slim.xsd"
    xmlns="http://www.loc.gov/MARC21/slim">
<record>
  <leader>00237cam a2200445 ia4500</leader>
  <controlfield tag="001">b12581689</controlfield>
  <controlfield tag="003">LeBAU</controlfield>
  <controlfield tag="005">20200708</controlfield>
  <controlfield tag="008">970813s1928    le            000 0 ara d</controlfield>
  <datafield tag="035" ind1=" " ind2=" ">
    <subfield code="a">ocn784416210</subfield>
  </datafield>
  <datafield tag="040" ind1=" " ind2=" ">
    <subfield code="a">LEAUB</subfield>
    <subfield code="b">ara</subfield>
    <subfield code="e">rda</subfield>
    <subfield code="c">LEAUB</subfield>
    <subfield code="d">LEAUB</subfield>
  </datafield>
  <datafield tag="082" ind1="0" ind2="4">
    <subfield code="a">892.78</subfield>
    <subfield code="2">23</subfield>
  </datafield>
  <datafield tag="100" ind1="1" ind2=" ">
    <subfield code="6">880-01</subfield>
    <subfield code="a">ʻĀmilī, Muḥsin al-Ḥusaynī,</subfield>
    <subfield code="d">1865-1952.</subfield>
    <subfield code="e">author.</subfield>
    <subfield code="0">http://id.loc.gov/authorities/names/n79091934 ,</subfield>
  </datafield>
  <datafield tag="245" ind1="1" ind2="0">
    <subfield code="6">880-02</subfield>
    <subfield code="a">Maʻādin al-jawāhir wa-nuzhat al-khawāṭir fī ʻulūm al-awāʼil wa-al-awākhir /</subfield>
    <subfield code="c">taʼlīf al-ʻallāmah al-Sayyid Muḥsin al-Amīn al-Ḥusaynī al-ʻĀmilī.</subfield>
  </datafield>
  <datafield tag="250" ind1=" " ind2=" ">
    <subfield code="6">880-03</subfield>
    <subfield code="a">al-Ṭabʻah al-ūlá.</subfield>
  </datafield>
  <datafield tag="264" ind1=" " ind2="1">
    <subfield code="6">880-04</subfield>
    <subfield code="a">Ṣaydā :</subfield>
    <subfield code="b">Maṭbaʻat al-ʻIrfān,</subfield>
    <subfield code="c">1347 [H.], [1928? M.]</subfield>
  </datafield>
  <datafield tag="300" ind1=" " ind2=" ">
    <subfield code="6">880-05</subfield>
    <subfield code="a">5 volumes ;</subfield>
    <subfield code="c">24 cm</subfield>
  </datafield>
  <datafield tag="336" ind1=" " ind2=" ">
    <subfield code="a">text</subfield>
    <subfield code="b">txt</subfield>
    <subfield code="2">rdacontent</subfield>
  </datafield>
  <datafield tag="337" ind1=" " ind2=" ">
    <subfield code="a">unmediated</subfield>
    <subfield code="b">n</subfield>
    <subfield code="2">rdamedia</subfield>
  </datafield>
  <datafield tag="338" ind1=" " ind2=" ">
    <subfield code="a">volume</subfield>
    <subfield code="b">nc</subfield>
    <subfield code="2">rdacarrier</subfield>
  </datafield>
  <datafield tag="505" ind1="0" ind2=" ">
    <subfield code="a">الجزء الأول. يتضمن فوائد من علوم شتى وتفسير آيات وأحاديث وأبيات مشكلة وإحتجاجات وحكماً، وآداباً، ومواعظ وأخلاقيات واشعاراً ونوادر وفكاهات وأجوبة وألغازاً وتراجم، وفيها ترجمة جماعة لم يترجموا قبل هذا وغير ذلك من الفوائد. -- الجزء الثاني. وفيه (الباب الرابع) في الإحتجاجات وقضايا أمير المؤمنين (ع) العجيبة. (والباب الخامس) في الملح والنوادر والأجوبة المسكتة. (والباب السادس) في أمور متفرقة وفيها ذكر كتب نادرة والرحلتين الحجازيتين للمؤلف ومفاخرة الفقر والغنى والعلم و المال وغير ذالك. -- الجزء الثالث. ويأتي (انش) في الجزء الثالث الشعر والأدب وما يتعلق به ومنتخبات مع جميع فنون الشعر. -- الجزء الرابع. التاريخ وخصوصا تاريخ جبل عامل. -- الجزء الخامس. التراجم لجماعة لم يترجمو أو لم تستوفى جماعتهم.</subfield>
  </datafield>
  <datafield tag="590" ind1=" " ind2=" ">
    <subfield code="a">في المكتبة: الجزء 1.</subfield>
  </datafield>
  <datafield tag="650" ind1=" " ind2="4">
    <subfield code="a">الاسلام</subfield>
    <subfield code="v">متفرقات.</subfield>
  </datafield>
  <datafield tag="650" ind1=" " ind2="0">
    <subfield code="a">Islam</subfield>
    <subfield code="v">Miscellanea.</subfield>
  </datafield>
  <datafield tag="655" ind1=" " ind2="4">
    <subfield code="a">نوادر.</subfield>
  </datafield>
  <datafield tag="655" ind1=" " ind2="4">
    <subfield code="a">شعر.</subfield>
  </datafield>
  <datafield tag="655" ind1=" " ind2="0">
    <subfield code="a">Anecdotes.</subfield>
  </datafield>
  <datafield tag="655" ind1=" " ind2="0">
    <subfield code="a">Poetry.</subfield>
  </datafield>
  <datafield tag="775" ind1="0" ind2="8">
    <subfield code="6">880-06</subfield>
    <subfield code="i">has designation of edition</subfield>
    <subfield code="4">http://rdaregistry.info/Elements/m/P30133 :</subfield>
    <subfield code="a">ʻĀmilī, Muḥsin al-Ḥusaynī, 1865-1952.</subfield>
    <subfield code="t">Maʻādin al-jawāhir wa-nuzhat al-khawāṭir fī ʻulūm al-awāʼil wa-al-awākhir.</subfield>
    <subfield code="b">al-Ṭabʻah al-ūlá.</subfield>
    <subfield code="d">Dimashq : Maṭbaʻat Ibn Zaydūn, 1349 [H.], [1930? M.]</subfield>
    <subfield code="w">(LEAUB)b25950241</subfield>
  </datafield>
  <datafield tag="852" ind1=" " ind2=" ">
    <subfield code="a">Jafet Library</subfield>
    <subfield code="e">American University of Beirut, Bliss Street , Beirut, Lebanon.</subfield>
  </datafield>
  <datafield tag="880" ind1="1" ind2=" ">
    <subfield code="6">100-01/(3/r</subfield>
    <subfield code="a">العاملي، محسن الحسيني،</subfield>
    <subfield code="d">1865-1952،</subfield>
    <subfield code="0">http://id.loc.gov/authorities/names/n79091934 ,</subfield>
    <subfield code="e">مؤلف. </subfield>
    <subfield code="4">aut.</subfield>
  </datafield>
  <datafield tag="880" ind1="1" ind2="0">
    <subfield code="6">245-02/(3/r</subfield>
    <subfield code="a">معادن الجواهر ونزهة الخواطر في علوم الأوائل والأواخر /</subfield>
    <subfield code="c">تأليف العلامة السيد محسن الأمين الحسيني العاملي.</subfield>
  </datafield>
  <datafield tag="880" ind1=" " ind2=" ">
    <subfield code="6">250-03/(3/r</subfield>
    <subfield code="a">الطبعة الأولى.</subfield>
  </datafield>
  <datafield tag="880" ind1=" " ind2="1">
    <subfield code="6">264-04/(3/r</subfield>
    <subfield code="a">صيدا :</subfield>
    <subfield code="b">مطبعة العرفان،</subfield>
    <subfield code="c">1347 [هـ.]، [1928؟ م.]</subfield>
  </datafield>
  <datafield tag="880" ind1=" " ind2=" ">
    <subfield code="6">300-05/(3/r</subfield>
    <subfield code="a">5 أجزاء ؛</subfield>
    <subfield code="c">24 سم</subfield>
  </datafield>
  <datafield tag="880" ind1="0" ind2="8">
    <subfield code="6">775-06/(3/r</subfield>
    <subfield code="i">دلالة على الطبعة</subfield>
    <subfield code="4">http://rdaregistry.info/Elements/m/P30133 :</subfield>
    <subfield code="a">العاملي، محسن الحسيني، 1865-1952.</subfield>
    <subfield code="t">معادن الجواهر ونزهة الخواطر في علوم الأوائل والأواخر.</subfield>
    <subfield code="b">الطبعة الأولى.</subfield>
    <subfield code="d">دمشق : مطبعة ابن زيدون، 1349 [هـ.]، [1930؟ م.]</subfield>
    <subfield code="w">(LEAUB)b25950241</subfield>
  </datafield>
  <datafield tag="907" ind1=" " ind2=" ">
    <subfield code="a">.b12581689</subfield>
    <subfield code="b">20-07-27</subfield>
    <subfield code="c">11-05-24</subfield>
  </datafield>
  <datafield tag="907" ind1=" " ind2=" ">
    <subfield code="a">.b12581689</subfield>
    <subfield code="b">15-10-15</subfield>
    <subfield code="c">11-05-24</subfield>
  </datafield>
  <datafield tag="945" ind1=" " ind2=" ">
    <subfield code="f">J</subfield>
    <subfield code="a">892.78:A511mA:v.1</subfield>
    <subfield code="i">01039515</subfield>
    <subfield code="j">.i13093666</subfield>
    <subfield code="l">u0503</subfield>
  </datafield>
  <datafield tag="998" ind1=" " ind2=" ">
    <subfield code="a">u05</subfield>
    <subfield code="b">97-08-13</subfield>
    <subfield code="c">m</subfield>
    <subfield code="d">a  </subfield>
    <subfield code="e">-</subfield>
    <subfield code="f">ara</subfield>
    <subfield code="g">le </subfield>
    <subfield code="h">0</subfield>
    <subfield code="i">2</subfield>
  </datafield>
</record>
</collection>
